@Book{openintro,
  title = {Advanced High School Statistics},
  author = {{Diez, D.., Cetinkaya-Rundel, M.., Dorazio, L.., Barr, C.}},
  publisher = {Creative Common License},
  address = {},
  year = {2019},
  edition = {2},
  url = {https://www.openintro.org/stat/textbook.php},
}

@Book{finney,
  Title                    = {{Calculus: Graphical, Numerical, Algebraic (AP* Edition)}},
  Author                   = {{Finney, R. L.., Demana, F. D.., Waits, B. K.., & Kennedy, D.}},
  Publisher                = {Prentice Hall},
  Year                     = {2012},
  Address                  = {Boston, MA},
  Edition                  = {4}
}

@Book{barrons,
  Title                    = {{Barron's AP Statistics}},
  Author                   = {{Sternstein, M.}},
  Publisher                = {Barron's Educational Series, Inc.},
  Year                     = {2017},
  Address                  = {Hauppauge, NY},
  Edition                  = {9}
}


@Book{gray,
  Title                    = {{The Research Imagination: An Introducation to Qualitative and Quantitative Methods}},
  Author                   = {{Gray, P. S.., Williamson, J. B.., Karp, D. A.., & Dalphin, J. R.}},
  Publisher                = {Cambridge University Press},
  Year                     = {2007},
  Address                  = {New York, NY}
}

@Book{creswell,
  Title                    = {Research Design: Qualitative, Quantitative, and Mixed Methods Approaches},
  Author                   = {{Creswell, J. W.}},
  Publisher                = {SAGE Publications},
  Year                     = {2009},
  Address                  = {Thousand Oaks, CA}
}

@Book{xie2013ddrk,
  title = {Dynamic Documents with {R} and knitr},
  author = {{ABC Corporation, Smith, J.}},
  publisher = {Chapman and Hall/CRC},
  address = {Boca Raton, Florida},
  year = {2015},
  edition = {2nd},
  note = {ISBN 978-1498716963},
  url = {https://yihui.name/knitr/},
}

@Book{vanderstoep,
  title = {Research Methods for Everyday Life: Blending Qualitative and Quantitative Approaches},
  author = {Scott W. Vanderstoep and Deidre D. Johnston},
  publisher = {Jossey-Bass},
  address = {San Francisco, California},
  year = {2009},
  edition = {2nd},
}

@article{Aqda11,
title = "The comparative effect of computer-aided instruction and traditional teaching on studentâ€™s creativity in math classes",
journal = "Procedia Computer Science",
volume = "3",
pages = "266 - 270",
year = "2011",
note = "World Conference on Information Technology",
issn = "1877-0509",
doi = {10.1016/j.procs.2010.12.045},
url = "http://www.sciencedirect.com/science/article/pii/S1877050910004205",
author = "Mahnaz Fatemi Aqda and Farideh Hamidi and Mehrak Rahimi",
keywords = "Computer-aided instruction (CAI), Traditional teaching, Creativity, Mathematic classes, Junior students"
}
